%  a sample bibliography file
%  

@article{small,
author = {Freely, I.P.},
title = {A small paper},
journal = {The journal of small papers},
year = 1997,
volume = {-1},
note = {to appear},
}

@article{big,
author = {Jass, Hugh},
title = {A big paper},
journal = {The journal of big papers},
year = 7991,
volume = {MCMXCVII},
}

@misc{website:ExampleWeb,
      author = "Државен завод за статистика",
      title = "Македонија низ бројки",
      month = "Ноември",
      year = "2011",
      url = "http://www.stat.gov.mk/Publikacii/MakBrojkiM2011.pdf"
}

@misc{website:WikipediaMacedonia,
      author = "Википедија на македонски",
      title = "Македонија",
      url = "https://mk.wikipedia.org/wiki/%D0%9C%D0%B0%D0%BA%D0%B5%D0%B4%D0%BE%D0%BD%D0%B8%D1%98%D0%B0"
}


